<?xml version="1.0" encoding="UTF-8"?><record xmlns="http://www.loc.gov/MARC21/slim" xmlns:cinclude="http://apache.org/cocoon/include/1.0" xmlns:zs="http://www.loc.gov/zing/srw/">
  <leader>00506nz  a2200133n  4500</leader>
  <controlfield tag="001">no 92032704 </controlfield>
  <controlfield tag="003">DLC</controlfield>
  <controlfield tag="005">19921218174211.5</controlfield>
  <controlfield tag="008">921217n| acannaab|          |n aaa     c</controlfield>
  <datafield tag="010" ind1=" " ind2=" ">
    <subfield code="a">no 92032704 </subfield>
  </datafield>
  <datafield tag="040" ind1=" " ind2=" ">
    <subfield code="a">InU-Mu</subfield>
    <subfield code="c">InU-Mu</subfield>
  </datafield>
  <datafield tag="100" ind1="1" ind2="0">
    <subfield code="a">Beattie, John W.</subfield>
    <subfield code="q">(John Walter),</subfield>
    <subfield code="d">1885-1962</subfield>
  </datafield>
  <datafield tag="670" ind1=" " ind2=" ">
    <subfield code="a">His The American singer, 1955:</subfield>
    <subfield code="b">t.p. (John W. Beattie)</subfield>
  </datafield>
  <datafield tag="670" ind1=" " ind2=" ">
    <subfield code="a">Goodman, H.A. Music education perspectives and perceptions, 1982:</subfield>
    <subfield code="b">p. 46 (John Walter Beattie; b. 11-26-1885, Norwalk, OH; d. 11-23-62, Evanston, IL)</subfield>
  </datafield>
</record>